<?xml version="1.0" encoding="UTF-8"?><collection xmlns="http://www.loc.gov/MARC21/slim"><record><leader>00334nam--2200133-i-4500</leader><controlfield tag="001">000032722</controlfield><controlfield tag="002">20161230</controlfield><controlfield tag="005">20161230201039</controlfield><controlfield tag="008">060222s1000------------r-----000-0-eng-d</controlfield><datafield ind1=" " ind2=" " tag="080"><subfield code="a">574.3</subfield></datafield><datafield ind1=" " ind2=" " tag="100"><subfield code="a">Meinhardt, Hans</subfield></datafield><datafield ind1=" " ind2=" " tag="245"><subfield code="a">Models of biological pattern formation</subfield></datafield><datafield ind1=" " ind2=" " tag="260"><subfield code="a">London, Academic Press, 1982. Xi+230p</subfield></datafield><datafield ind1=" " ind2=" " tag="852"><subfield code="a">74787</subfield></datafield></record></collection>